<?xml version='1.0' encoding='utf-8'?>
<collection xmlns:marc="http://www.loc.gov/MARC21/slim" xmlns:xsi="http://www.w3.org/2001/XMLSchema-instance">
   <record>
      <mms_id>99xxxxxxxxxxxxx</mms_id>
      <leader>02167nrm a2200457 a 4500</leader>
      <controlfield tag="007">k|||m|</controlfield>
      <controlfield tag="008">      s2021    xx |||        ||||||fre d</controlfield>
      <datafield tag="024" ind1="3" ind2=" ">
         <subfield code="a">5414301250470</subfield>
      </datafield>
      <datafield tag="028" ind1="5" ind2="2">
         <subfield code="a">SMX 224 SmartMax</subfield>
      </datafield>
      <datafield tag="035" ind1=" " ind2=" ">
         <subfield code="a">(TEST)1911</subfield>
      </datafield>
      <datafield tag="040" ind1=" " ind2=" ">
         <subfield code="a">RNV test</subfield>
      </datafield>
      <datafield tag="245" ind1="0" ind2="0">
         <subfield code="a">SmartMax : My First Sounds &amp; Senses</subfield>
      </datafield>
      <datafield tag="246" ind1=" " ind2="3">
         <subfield code="a">My First Sounds &amp; Senses</subfield>
      </datafield>
      <datafield tag="264" ind1=" " ind2="2">
         <subfield code="a">[Lieu de publication non identifié] : </subfield>
         <subfield code="b">SmartMax, </subfield>
         <subfield code="c">2021</subfield>
      </datafield>
      <datafield tag="300" ind1=" " ind2=" ">
         <subfield code="a">1 jeu dans une boîte</subfield>
      </datafield>
      <datafield tag="336" ind1=" " ind2=" ">
         <subfield code="b">tdf</subfield>
         <subfield code="2">rdacontent</subfield>
      </datafield>
      <datafield tag="337" ind1=" " ind2=" ">
         <subfield code="b">n</subfield>
         <subfield code="2">rdamedia</subfield>
      </datafield>
      <datafield tag="338" ind1=" " ind2=" ">
         <subfield code="b">nr</subfield>
         <subfield code="2">rdacarrier</subfield>
      </datafield>
      <datafield tag="500" ind1=" " ind2=" ">
         <subfield code="a">Nombre de joueurs·euses : 1</subfield>
      </datafield>
      <datafield tag="505" ind1="0" ind2=" ">
         <subfield code="a">boîte du jeu, plastifiée -- Ensemble de 4 hochets magnétiques, -- en 2 parties -- 1 sac en tissu vert 'Minnie Mouse'</subfield>
      </datafield>
      <datafield tag="972" ind1=" " ind2=" ">
         <subfield code="a">vdtest</subfield>
      </datafield>
      <datafield tag="985" ind1=" " ind2=" ">
         <subfield code="2">ctest</subfield>
         <subfield code="a">1</subfield>
         <subfield code="b">Jeux pour le jeu d'Exercice</subfield>
         <subfield code="c">EX. éveil sensoriel</subfield>
         <subfield code="9">local</subfield>
      </datafield>
      <datafield tag="998" ind1=" " ind2=" ">
         <subfield code="a">ImportPython/test</subfield>
      </datafield>
      <holding_data>
         <leader>     nx  a22     1n 4500</leader>
         <datafield tag="852" ind1=" " ind2=" ">
            <subfield code="b">test</subfield>
            <subfield code="h">EX. éveil sensoriel</subfield>
         </datafield>
      </holding_data>
      <item_data>
         <alternative_call_number>EX. éveil sensoriel</alternative_call_number>
         <alternative_call_number_type>8</alternative_call_number_type>
         <arrival_date>2024-09-12</arrival_date>
         <barcode>EY3431</barcode>
         <fulfillment_note>à l'emprunt, avertir qu'il faut ouvrir la boîte par le haut, selon flèches !</fulfillment_note>
         <inventory_date>2025-04-10</inventory_date>
         <inventory_price>33,9</inventory_price>
         <internal_note_2>Jouet primé : 2020 - Toy of the Year (Belgium). 2020 - Toy of the Year (Netherlands). 2020 - Independent Toy award - GOLD Construction (United Kingdom). 2020 - The Dadsnet awards - SILVER Winner (United Kingdom). 2020 - Top 100 Made for mums Xmas Toys List (United Kingdom). 2021 - Independent Toy Awards - Category: Gold Construction (United Kingdom). 2021 - Toy of the Year Award (Finland)</internal_note_2>
         <physical_material_type>VIDEOGAME</physical_material_type>
         <policy>3000</policy>
         <statistical_note_2>400coups</statistical_note_2>
      </item_data>
   </record>