
   <record>
      <leader>02167nrm a2200457 a 4500</leader>
      <controlfield tag="007">k|||m|</controlfield>
      <controlfield tag="008">      s2016    xx |||        ||||||mul d</controlfield>
      <datafield tag="024" ind1="3" ind2=" ">
         <subfield code="a">4010168220413</subfield>
      </datafield>
      <datafield tag="035" ind1=" " ind2=" ">
         <subfield code="a">(TEST)704</subfield>
      </datafield>
      <datafield tag="040" ind1=" " ind2=" ">
         <subfield code="a">RNV test</subfield>
      </datafield>
      <datafield tag="041" ind1=" " ind2=" ">
         <subfield code="a">fre</subfield>
         <subfield code="a">ger</subfield>
         <subfield code="a">ita</subfield>
         <subfield code="a">eng</subfield>
      </datafield>
      <datafield tag="245" ind1="0" ind2="0">
         <subfield code="a">Kikou le coucou (As d'Or enfants, Cannes 2017)</subfield>
      </datafield>
      <datafield tag="264" ind1=" " ind2="2">
         <subfield code="a">[Lieu de publication non identifié] : </subfield>
         <subfield code="b">HABA, </subfield>
         <subfield code="c">2016</subfield>
      </datafield>
      <datafield tag="300" ind1=" " ind2=" ">
         <subfield code="a">1 jeu dans une boîte</subfield>
      </datafield>
      <datafield tag="336" ind1=" " ind2=" ">
         <subfield code="b">tdf</subfield>
         <subfield code="2">rdacontent</subfield>
      </datafield>
      <datafield tag="337" ind1=" " ind2=" ">
         <subfield code="b">n</subfield>
         <subfield code="2">rdamedia</subfield>
      </datafield>
      <datafield tag="338" ind1=" " ind2=" ">
         <subfield code="b">nr</subfield>
         <subfield code="2">rdacarrier</subfield>
      </datafield>
      <datafield tag="500" ind1=" " ind2=" ">
         <subfield code="a">Age min : 4 ans</subfield>
      </datafield>
      <datafield tag="500" ind1=" " ind2=" ">
         <subfield code="a">Nombre de joueurs·euses : 2-5</subfield>
      </datafield>
      <datafield tag="500" ind1=" " ind2=" ">
         <subfield code="a">Durée de la partie : 00:15</subfield>
      </datafield>
      <datafield tag="500" ind1=" " ind2=" ">
         <subfield code="a">Mécanique : Prise de risque – Stop ou encore</subfield>
      </datafield>
      <datafield tag="500" ind1=" " ind2=" ">
         <subfield code="a">Interaction : Animation</subfield>
      </datafield>
      <datafield tag="500" ind1=" " ind2=" ">
         <subfield code="a">Thème : Nature</subfield>
      </datafield>
      <datafield tag="500" ind1=" " ind2=" ">
         <subfield code="a">Dimensions : 9 / 9 / 26</subfield>
      </datafield>
      <datafield tag="500" ind1=" " ind2=" ">
         <subfield code="a">Poids : 0.5</subfield>
      </datafield>
      <datafield tag="505" ind1="0" ind2=" ">
         <subfield code="a">1 boîte métallique Kikou (bas = nid) -- 1 figurine en bois Kikou le coucou -- 70 baguettes en bois -- 1 élastique -- 20 oeufs de coucou -- 1 règle du jeu multilingue, plastifié</subfield>
      </datafield>
      <datafield tag="521" ind1=" " ind2=" ">
         <subfield code="a">Famille</subfield>
         <subfield code="9">vdtest/09.2025</subfield>
      </datafield>
      <datafield tag="700" ind1="1" ind2=" ">
         <subfield code="a">i Roca, Josep Maria</subfield>
         <subfield code="4">aut</subfield>
      </datafield>
      <datafield tag="700" ind1="1" ind2=" ">
         <subfield code="a">Silveira, Gabriella</subfield>
         <subfield code="4">ill</subfield>
      </datafield>
      <datafield tag="856" ind1="4" ind2="2">
         <subfield code="3">Vidéo</subfield>
         <subfield code="u">videoregles.net/videoregle/kikou-le-coucou</subfield>
         <subfield code="z">Règles du jeu</subfield>
      </datafield>
      <datafield tag="972" ind1=" " ind2=" ">
         <subfield code="a">vdtest</subfield>
      </datafield>
      <datafield tag="985" ind1=" " ind2=" ">
         <subfield code="2">ctest</subfield>
         <subfield code="a">4</subfield>
         <subfield code="b">Jeux de Règles</subfield>
         <subfield code="c">REG. adresse</subfield>
         <subfield code="9">local</subfield>
      </datafield>
      <datafield tag="998" ind1=" " ind2=" ">
         <subfield code="a">ImportPython/test</subfield>
      </datafield>
      <holding_data>
         <leader>     nx  a22     1n 4500</leader>
         <datafield tag="852" ind1=" " ind2=" ">
            <subfield code="b">test</subfield>
            <subfield code="c">5678</subfield>
            <subfield code="h">REG. adresse</subfield>
         </datafield>
      </holding_data>
      <item_data>
         <alternative_call_number>REG. adresse</alternative_call_number>
         <alternative_call_number_type>8</alternative_call_number_type>
         <arrival_date>2016-09-20</arrival_date>
         <barcode>EY2246</barcode>
         <fulfillment_note>Ne convient pas aux enfants de moins de 3 ans !</fulfillment_note>
         <inventory_date>2020-08-18</inventory_date>
         <inventory_price>24,9</inventory_price>
         <internal_note_2>As d'Or Enfants, Cannes 2017</internal_note_2>
         <item_location>5678</item_location>
         <physical_material_type>VIDEOGAME</physical_material_type>
         <policy>3000</policy>
         <statistical_note_2>400coups</statistical_note_2>
      </item_data>
   </record>