
   <record>
      <leader>02167nrm a2200457 a 4500</leader>
      <controlfield tag="007">k|||m|</controlfield>
      <controlfield tag="008">      s        xx |||        ||||||fre d</controlfield>
      <datafield tag="024" ind1="3" ind2=" ">
         <subfield code="a">3032163403005</subfield>
      </datafield>
      <datafield tag="035" ind1=" " ind2=" ">
         <subfield code="a">(TEST)1699</subfield>
      </datafield>
      <datafield tag="040" ind1=" " ind2=" ">
         <subfield code="a">RNV test</subfield>
      </datafield>
      <datafield tag="245" ind1="0" ind2="0">
         <subfield code="a">Malette vétérinaire 2-en-1</subfield>
      </datafield>
      <datafield tag="264" ind1=" " ind2="2">
         <subfield code="a">[Lieu de publication non identifié] : </subfield>
         <subfield code="b">Smoby, </subfield>
         <subfield code="c">[date de publication non identifiée]</subfield>
      </datafield>
      <datafield tag="300" ind1=" " ind2=" ">
         <subfield code="a">1 jeu dans une boîte</subfield>
      </datafield>
      <datafield tag="336" ind1=" " ind2=" ">
         <subfield code="b">tdf</subfield>
         <subfield code="2">rdacontent</subfield>
      </datafield>
      <datafield tag="337" ind1=" " ind2=" ">
         <subfield code="b">n</subfield>
         <subfield code="2">rdamedia</subfield>
      </datafield>
      <datafield tag="338" ind1=" " ind2=" ">
         <subfield code="b">nr</subfield>
         <subfield code="2">rdacarrier</subfield>
      </datafield>
      <datafield tag="500" ind1=" " ind2=" ">
         <subfield code="a">Nombre de joueurs·euses : 1</subfield>
      </datafield>
      <datafield tag="500" ind1=" " ind2=" ">
         <subfield code="a">Thème : Animaux</subfield>
      </datafield>
      <datafield tag="505" ind1="0" ind2=" ">
         <subfield code="a">1 chaton gris-blanc * -- 3 piles LR44 (fournies) -- 1 boîte à chat en 2 pièces (cage/malette) -- avec clapet et poignée amovible -- Accessoires : -- 1 gamelle avec des croquettes -- 1 seringue -- 1 thermomètre -- 1 anneau de pied / pansement -- 1 paire de ciseaux -- 2 flacons avec embouts -- 1 stéthoscope (Fragile et recollé au milieu) -- 2 ordonnances -- Etiquette-photo en A5, laminée -- avec inventaire visuel -- ATTENTION : si besoin, nettoyer le -- chaton en le tamponnant, -- sans le tremper dans l'eau ! -- ** Pansement avec velcro, fabriqué par Nelly juin 2024 **</subfield>
      </datafield>
      <datafield tag="972" ind1=" " ind2=" ">
         <subfield code="a">vdtest</subfield>
      </datafield>
      <datafield tag="985" ind1=" " ind2=" ">
         <subfield code="2">ctest</subfield>
         <subfield code="a">2</subfield>
         <subfield code="b">Jeux pour le jeu Symbolique</subfield>
         <subfield code="c">SYM. rôle / imitation</subfield>
         <subfield code="9">local</subfield>
      </datafield>
      <datafield tag="998" ind1=" " ind2=" ">
         <subfield code="a">ImportPython/test</subfield>
      </datafield>
      <holding_data>
         <leader>     nx  a22     1n 4500</leader>
         <datafield tag="852" ind1=" " ind2=" ">
            <subfield code="b">test</subfield>
            <subfield code="c">5678</subfield>
            <subfield code="h">SYM. rôle / imitation</subfield>
         </datafield>
      </holding_data>
      <item_data>
         <alternative_call_number>SYM. rôle / imitation</alternative_call_number>
         <alternative_call_number_type>8</alternative_call_number_type>
         <arrival_date>2023-03-16</arrival_date>
         <barcode>EY3222</barcode>
         <fulfillment_note>Petites pièces et matériel fragile - ne convient pas aux enfants de moins de 3 ans !</fulfillment_note>
         <inventory_date>2024-12-13</inventory_date>
         <inventory_price>49,95</inventory_price>
         <internal_note_1>Note de contenu : 3x LR44</internal_note_1>
         <item_location>5678</item_location>
         <physical_material_type>VIDEOGAME</physical_material_type>
         <policy>3000</policy>
         <statistical_note_2>Franz Carl Weber</statistical_note_2>
      </item_data>
   </record>