
   <record>
      <mms_id>99xxxxxxxxxxxx1</mms_id>
      <leader>02167nrm a2200457 a 4500</leader>
      <controlfield tag="007">k|||m|</controlfield>
      <controlfield tag="008">      s2021    xx |||        ||||||fre d</controlfield>
      <datafield tag="024" ind1="3" ind2=" ">
         <subfield code="a">3070900056435</subfield>
      </datafield>
      <datafield tag="028" ind1="5" ind2="2">
         <subfield code="a">DJ05643 Djeco</subfield>
      </datafield>
      <datafield tag="035" ind1=" " ind2=" ">
         <subfield code="a">(TEST)1697</subfield>
      </datafield>
      <datafield tag="040" ind1=" " ind2=" ">
         <subfield code="a">RNV test</subfield>
      </datafield>
      <datafield tag="245" ind1="0" ind2="0">
         <subfield code="a">Zig &amp; Go Wroom (45 pcs.)</subfield>
      </datafield>
      <datafield tag="264" ind1=" " ind2="2">
         <subfield code="a">[Lieu de publication non identifié] : </subfield>
         <subfield code="b">Djeco, </subfield>
         <subfield code="c">2021</subfield>
      </datafield>
      <datafield tag="336" ind1=" " ind2=" ">
         <subfield code="b">tdf</subfield>
         <subfield code="2">rdacontent</subfield>
      </datafield>
      <datafield tag="337" ind1=" " ind2=" ">
         <subfield code="b">n</subfield>
         <subfield code="2">rdamedia</subfield>
      </datafield>
      <datafield tag="338" ind1=" " ind2=" ">
         <subfield code="b">nr</subfield>
         <subfield code="2">rdacarrier</subfield>
      </datafield>
      <datafield tag="500" ind1=" " ind2=" ">
         <subfield code="a">Age min : 8 ans</subfield>
      </datafield>
      <datafield tag="500" ind1=" " ind2=" ">
         <subfield code="a">Nombre de joueurs·euses : 1</subfield>
      </datafield>
      <datafield tag="500" ind1=" " ind2=" ">
         <subfield code="a">Interaction : Solitaire</subfield>
      </datafield>
      <datafield tag="505" ind1="0" ind2=" ">
         <subfield code="a">1 plateau rond rayé jaune et rouge -- &amp; 2 supports -- 1 roue rayée jaune et rouge -- 1 véhicule -- 3 pentes -- 7 éléments de support -- 3 planches à bascule -- 5 billes * -- 2 maillets, 1 poteau -- 1 toupie avec drapeau -- 20 dominos -- 1 planche rayé jaune -- 2 sachets plastiques (1 grand, 1 mini) -- 1 livret de modèles, plastifié -- 1 inventaire visuel, en A4 laminé -- * 1 bille pas d'origine, -- mais de taille presque identique. </subfield>
      </datafield>
      <datafield tag="700" ind1="1" ind2=" ">
         <subfield code="a">Bricout, Grégory</subfield>
         <subfield code="4">{'Auteur': 'aut', 'Autre': 'oth', 'Concepteur': 'ccp', 'Créateur': 'cre', 'Design': 'dsr', 'Graphiste': 'grt', 'Illustrateur': 'ill', 'Rédacteur': 'red', 'Rédaction': 'red', 'nan': ''}[Créateur]</subfield>
      </datafield>
      <datafield tag="700" ind1="1" ind2=" ">
         <subfield code="a">Ménard, Jean-Réné</subfield>
         <subfield code="4">{'Auteur': 'aut', 'Autre': 'oth', 'Concepteur': 'ccp', 'Créateur': 'cre', 'Design': 'dsr', 'Graphiste': 'grt', 'Illustrateur': 'ill', 'Rédacteur': 'red', 'Rédaction': 'red', 'nan': ''}[Créateur]</subfield>
      </datafield>
      <datafield tag="856" ind1="4" ind2="2">
         <subfield code="3">Vidéo</subfield>
         <subfield code="u">www.youtube.com/watch?v=q0HDDksMREQ</subfield>
         <subfield code="z">Règles du jeu</subfield>
      </datafield>
      <datafield tag="972" ind1=" " ind2=" ">
         <subfield code="a">vdtest</subfield>
      </datafield>
      <datafield tag="985" ind1=" " ind2=" ">
         <subfield code="2">ctest</subfield>
         <subfield code="a">3</subfield>
         <subfield code="b">Jeux d'Assemblage</subfield>
         <subfield code="c">ASS. découvertes / expérimentation</subfield>
         <subfield code="9">local</subfield>
      </datafield>
      <datafield tag="998" ind1=" " ind2=" ">
         <subfield code="a">ImportPython/test</subfield>
      </datafield>
      <holding_data>
         <leader>     nx  a22     1n 4500</leader>
         <datafield tag="852" ind1=" " ind2=" ">
            <subfield code="b">test</subfield>
            <subfield code="h">ASS. découvertes / expérimentation</subfield>
         </datafield>
      </holding_data>
      <item_data>
         <alternative_call_number>ASS. découvertes / expérimentation</alternative_call_number>
         <alternative_call_number_type>8</alternative_call_number_type>
         <arrival_date>2023-03-16</arrival_date>
         <barcode>EY3225</barcode>
         <fulfillment_note>Dès 8 ans, matériel délicat !</fulfillment_note>
         <inventory_date>2025-06-15</inventory_date>
         <inventory_price>69,9</inventory_price>
         <physical_material_type>VIDEOGAME</physical_material_type>
         <policy>3000</policy>
         <statistical_note_2>FNAC</statistical_note_2>
      </item_data>
   </record>