
   <record>
      <leader>02167nrm a2200457 a 4500</leader>
      <controlfield tag="007">k|||m|</controlfield>
      <controlfield tag="008">      s2013    xx |||        ||||||fre d</controlfield>
      <datafield tag="024" ind1="3" ind2=" ">
         <subfield code="a">5425016921463</subfield>
      </datafield>
      <datafield tag="035" ind1=" " ind2=" ">
         <subfield code="a">(TEST)1758</subfield>
      </datafield>
      <datafield tag="040" ind1=" " ind2=" ">
         <subfield code="a">RNV test</subfield>
      </datafield>
      <datafield tag="041" ind1=" " ind2=" ">
         <subfield code="a">fre</subfield>
      </datafield>
      <datafield tag="245" ind1="0" ind2="0">
         <subfield code="a">Concept (As d'Or, 2014)</subfield>
      </datafield>
      <datafield tag="264" ind1=" " ind2="2">
         <subfield code="a">[Lieu de publication non identifié] : </subfield>
         <subfield code="b">Repos Production, </subfield>
         <subfield code="c">2013</subfield>
      </datafield>
      <datafield tag="336" ind1=" " ind2=" ">
         <subfield code="b">tdf</subfield>
         <subfield code="2">rdacontent</subfield>
      </datafield>
      <datafield tag="337" ind1=" " ind2=" ">
         <subfield code="b">n</subfield>
         <subfield code="2">rdamedia</subfield>
      </datafield>
      <datafield tag="338" ind1=" " ind2=" ">
         <subfield code="b">nr</subfield>
         <subfield code="2">rdacarrier</subfield>
      </datafield>
      <datafield tag="500" ind1=" " ind2=" ">
         <subfield code="a">Age min : 10 ans</subfield>
      </datafield>
      <datafield tag="500" ind1=" " ind2=" ">
         <subfield code="a">Nombre de joueurs·euses : 4-12</subfield>
      </datafield>
      <datafield tag="500" ind1=" " ind2=" ">
         <subfield code="a">Durée de la partie : 00:40</subfield>
      </datafield>
      <datafield tag="500" ind1=" " ind2=" ">
         <subfield code="a">Mécanique : Déduction - Enigme</subfield>
      </datafield>
      <datafield tag="500" ind1=" " ind2=" ">
         <subfield code="a">Interaction : Equipe</subfield>
      </datafield>
      <datafield tag="500" ind1=" " ind2=" ">
         <subfield code="a">Thème : Enigme</subfield>
      </datafield>
      <datafield tag="500" ind1=" " ind2=" ">
         <subfield code="a">Jeu adapté aux troubles DYS : Langage Oral</subfield>
      </datafield>
      <datafield tag="500" ind1=" " ind2=" ">
         <subfield code="a">Dimensions : 12 / 30 / 30</subfield>
      </datafield>
      <datafield tag="500" ind1=" " ind2=" ">
         <subfield code="a">Poids : 1</subfield>
      </datafield>
      <datafield tag="505" ind1="0" ind2=" ">
         <subfield code="a">1 plateau d'icônes universelles -- 1 bol de rangement blanc -- 5 pions en plastique, dont: -- - 4 points d'exclamation (bleu, rouge, jaune, noir) -- - 1 point d'interrogation vert -- 42 cubes, dont : -- - 10x vert -- - 8x rouge, 8x bleu -- - 8x jaune, 8x noir -- 110 cartes Concept -- 27 jetons 'Ampoules simple' -- 12 jetons 'Ampoules doubl's -- 1 livret Règles du jeu, plastifiée -- 4 aides de jeu, laminées -- 2 petits sachets plastiques -- 1 élastique</subfield>
      </datafield>
      <datafield tag="521" ind1=" " ind2=" ">
         <subfield code="a">Découverte</subfield>
         <subfield code="9">vdtest/09.2025</subfield>
      </datafield>
      <datafield tag="700" ind1="1" ind2=" ">
         <subfield code="a">Azagury, Eric</subfield>
         <subfield code="4">ill</subfield>
      </datafield>
      <datafield tag="700" ind1="1" ind2=" ">
         <subfield code="a">Beaujannot, Gaëtan</subfield>
         <subfield code="4">{'Auteur': 'aut', 'Autre': 'oth', 'Concepteur': 'ccp', 'Créateur': 'cre', 'Design': 'dsr', 'Graphiste': 'grt', 'Illustrateur': 'ill', 'Rédacteur': 'red', 'Rédaction': 'red', 'nan': ''}[Créateur]</subfield>
      </datafield>
      <datafield tag="700" ind1="1" ind2=" ">
         <subfield code="a">Chevalley, Cédric</subfield>
         <subfield code="4">ill</subfield>
      </datafield>
      <datafield tag="700" ind1="1" ind2=" ">
         <subfield code="a">Rivollet, Alain</subfield>
         <subfield code="4">{'Auteur': 'aut', 'Autre': 'oth', 'Concepteur': 'ccp', 'Créateur': 'cre', 'Design': 'dsr', 'Graphiste': 'grt', 'Illustrateur': 'ill', 'Rédacteur': 'red', 'Rédaction': 'red', 'nan': ''}[Créateur]</subfield>
      </datafield>
      <datafield tag="856" ind1="4" ind2="2">
         <subfield code="3">Vidéo</subfield>
         <subfield code="u">www.concept-the-game.com/index.php?lang=befr</subfield>
         <subfield code="z">Règles du jeu</subfield>
      </datafield>
      <datafield tag="972" ind1=" " ind2=" ">
         <subfield code="a">vdtest</subfield>
      </datafield>
      <datafield tag="905" ind1=" " ind2=" ">
         <subfield code="a">etoyjcoeur</subfield>
         <subfield code="b">2509</subfield>
      </datafield>
      <datafield tag="985" ind1=" " ind2=" ">
         <subfield code="2">ctest</subfield>
         <subfield code="a">4</subfield>
         <subfield code="b">Jeux de Règles</subfield>
         <subfield code="c">REG. langage &amp; expression</subfield>
         <subfield code="9">local</subfield>
      </datafield>
      <datafield tag="998" ind1=" " ind2=" ">
         <subfield code="a">ImportPython/test</subfield>
      </datafield>
      <holding_data>
         <leader>     nx  a22     1n 4500</leader>
         <datafield tag="852" ind1=" " ind2=" ">
            <subfield code="b">test</subfield>
            <subfield code="c">3456</subfield>
            <subfield code="h">REG. langage &amp; expression</subfield>
         </datafield>
      </holding_data>
      <item_data>
         <alternative_call_number>REG. langage &amp; expression</alternative_call_number>
         <alternative_call_number_type>8</alternative_call_number_type>
         <arrival_date>2023-07-04</arrival_date>
         <barcode>EY3284</barcode>
         <inventory_date>2024-09-19</inventory_date>
         <inventory_price>39,9</inventory_price>
         <internal_note_2>Jeu primé : As d'Or, Cannes 2014</internal_note_2>
         <item_location>3456</item_location>
         <physical_material_type>VIDEOGAME</physical_material_type>
         <policy>3000</policy>
         <statistical_note_2>L'épée à 2 nains</statistical_note_2>
      </item_data>
   </record>