
   <record>
      <leader>02167nrm a2200457 a 4500</leader>
      <controlfield tag="007">k|||m|</controlfield>
      <controlfield tag="008">      s2015    xx |||        ||||||mul d</controlfield>
      <datafield tag="024" ind1="3" ind2=" ">
         <subfield code="a">3770005767006</subfield>
      </datafield>
      <datafield tag="035" ind1=" " ind2=" ">
         <subfield code="a">(TEST)660</subfield>
      </datafield>
      <datafield tag="040" ind1=" " ind2=" ">
         <subfield code="a">RNV test</subfield>
      </datafield>
      <datafield tag="041" ind1=" " ind2=" ">
         <subfield code="a">fre</subfield>
         <subfield code="a">eng</subfield>
      </datafield>
      <datafield tag="245" ind1="0" ind2="0">
         <subfield code="a">Celestia</subfield>
      </datafield>
      <datafield tag="264" ind1=" " ind2="2">
         <subfield code="a">[Lieu de publication non identifié] : </subfield>
         <subfield code="b">Blam !, </subfield>
         <subfield code="c">2015</subfield>
      </datafield>
      <datafield tag="336" ind1=" " ind2=" ">
         <subfield code="b">tdf</subfield>
         <subfield code="2">rdacontent</subfield>
      </datafield>
      <datafield tag="337" ind1=" " ind2=" ">
         <subfield code="b">n</subfield>
         <subfield code="2">rdamedia</subfield>
      </datafield>
      <datafield tag="338" ind1=" " ind2=" ">
         <subfield code="b">nr</subfield>
         <subfield code="2">rdacarrier</subfield>
      </datafield>
      <datafield tag="500" ind1=" " ind2=" ">
         <subfield code="a">Age min : 8 ans</subfield>
      </datafield>
      <datafield tag="500" ind1=" " ind2=" ">
         <subfield code="a">Nombre de joueurs·euses : 2-6</subfield>
      </datafield>
      <datafield tag="500" ind1=" " ind2=" ">
         <subfield code="a">Durée de la partie : 00:30</subfield>
      </datafield>
      <datafield tag="500" ind1=" " ind2=" ">
         <subfield code="a">Mécanique : Prise de risque – Stop ou encore</subfield>
      </datafield>
      <datafield tag="500" ind1=" " ind2=" ">
         <subfield code="a">Interaction : Compétition</subfield>
      </datafield>
      <datafield tag="500" ind1=" " ind2=" ">
         <subfield code="a">Thème : Fantastique</subfield>
      </datafield>
      <datafield tag="505" ind1="0" ind2=" ">
         <subfield code="a">1 aeronef (12 éléments en carton) -- 6 pions 'Aventurier' -- (rouge, bleu, jaune, vert, noir, lila) -- 6 tuiles 'Aventurier' -- 9 tuiles ovales 'Cité' -- 4 dès 'Evènement' -- 78 petites cartes 'Trésor' -- 68 cartes 'Equipement' dont: -- - 20 boussoles bleues -- - 18 parafoudres jaunes -- - 16 cornes de brume rouges -- - 14 cannons noirs -- 8 cartes 'Turbo' -- 4x 2 cartes 'Pouvoir' -- 1 livret de règles en FR, plastifié -- 1 guide de montage pour l'aeronef -- 4 petits sachets plastiques</subfield>
      </datafield>
      <datafield tag="521" ind1=" " ind2=" ">
         <subfield code="a">Découverte</subfield>
         <subfield code="9">vdtest/09.2025</subfield>
      </datafield>
      <datafield tag="700" ind1="1" ind2=" ">
         <subfield code="a">Aaron, Weissblum</subfield>
         <subfield code="4">aut</subfield>
      </datafield>
      <datafield tag="700" ind1="1" ind2=" ">
         <subfield code="a">Gaetan, Noir</subfield>
         <subfield code="4">ill</subfield>
      </datafield>
      <datafield tag="856" ind1="4" ind2="2">
         <subfield code="3">Vidéo</subfield>
         <subfield code="u">blam-edition.com/fr/celestia</subfield>
         <subfield code="z">Règles du jeu</subfield>
      </datafield>
      <datafield tag="972" ind1=" " ind2=" ">
         <subfield code="a">vdtest</subfield>
      </datafield>
      <datafield tag="905" ind1=" " ind2=" ">
         <subfield code="a">etoyjcoeur</subfield>
         <subfield code="b">2509</subfield>
      </datafield>
      <datafield tag="985" ind1=" " ind2=" ">
         <subfield code="2">ctest</subfield>
         <subfield code="a">4</subfield>
         <subfield code="b">Jeux de Règles</subfield>
         <subfield code="c">REG. réflexion &amp; stratégie</subfield>
         <subfield code="9">local</subfield>
      </datafield>
      <datafield tag="998" ind1=" " ind2=" ">
         <subfield code="a">ImportPython/test</subfield>
      </datafield>
      <holding_data>
         <leader>     nx  a22     1n 4500</leader>
         <datafield tag="852" ind1=" " ind2=" ">
            <subfield code="b">test</subfield>
            <subfield code="c">3456</subfield>
            <subfield code="h">REG. réflexion &amp; stratégie</subfield>
         </datafield>
      </holding_data>
      <item_data>
         <alternative_call_number>REG. réflexion &amp; stratégie</alternative_call_number>
         <alternative_call_number_type>8</alternative_call_number_type>
         <arrival_date>2016-04-19</arrival_date>
         <barcode>EY2202</barcode>
         <inventory_date>2024-09-19</inventory_date>
         <inventory_price>32</inventory_price>
         <internal_note_1>Pièces de rechange : Oui, éléments pour l'aeronef ; Oui, voir 'Pces'</internal_note_1>
         <internal_note_2>règle 'coup de pouce': blam-edition.com/medias/5bc05b9244fa1_Celestia_EXT_1.0_FR-16-07-21.pdf</internal_note_2>
         <item_location>3456</item_location>
         <physical_material_type>VIDEOGAME</physical_material_type>
         <policy>3000</policy>
         <statistical_note_2>Au Paradis du Jeu</statistical_note_2>
      </item_data>
   </record>