
   <record>
      <leader>02167nrm a2200457 a 4500</leader>
      <controlfield tag="007">k|||m|</controlfield>
      <controlfield tag="008">      s2017    xx |||        ||||||fre d</controlfield>
      <datafield tag="024" ind1="3" ind2=" ">
         <subfield code="a">4005556763436</subfield>
      </datafield>
      <datafield tag="035" ind1=" " ind2=" ">
         <subfield code="a">(TEST)1383</subfield>
      </datafield>
      <datafield tag="040" ind1=" " ind2=" ">
         <subfield code="a">RNV test</subfield>
      </datafield>
      <datafield tag="041" ind1=" " ind2=" ">
         <subfield code="a">fre</subfield>
      </datafield>
      <datafield tag="245" ind1="0" ind2="0">
         <subfield code="a">Roller Coaster Challenge</subfield>
      </datafield>
      <datafield tag="264" ind1=" " ind2="2">
         <subfield code="a">[Lieu de publication non identifié] : </subfield>
         <subfield code="b">Thinkfun, </subfield>
         <subfield code="c">2017</subfield>
      </datafield>
      <datafield tag="300" ind1=" " ind2=" ">
         <subfield code="a">1 jeu dans une boîte</subfield>
      </datafield>
      <datafield tag="336" ind1=" " ind2=" ">
         <subfield code="b">tdf</subfield>
         <subfield code="2">rdacontent</subfield>
      </datafield>
      <datafield tag="337" ind1=" " ind2=" ">
         <subfield code="b">n</subfield>
         <subfield code="2">rdamedia</subfield>
      </datafield>
      <datafield tag="338" ind1=" " ind2=" ">
         <subfield code="b">nr</subfield>
         <subfield code="2">rdacarrier</subfield>
      </datafield>
      <datafield tag="500" ind1=" " ind2=" ">
         <subfield code="a">Age min : 6 ans</subfield>
      </datafield>
      <datafield tag="500" ind1=" " ind2=" ">
         <subfield code="a">Nombre de joueurs·euses : 1</subfield>
      </datafield>
      <datafield tag="500" ind1=" " ind2=" ">
         <subfield code="a">Durée de la partie : 00:20</subfield>
      </datafield>
      <datafield tag="500" ind1=" " ind2=" ">
         <subfield code="a">Mécanique : Mathématique – Géométrie - Relat</subfield>
      </datafield>
      <datafield tag="500" ind1=" " ind2=" ">
         <subfield code="a">Interaction : Solitaire</subfield>
      </datafield>
      <datafield tag="500" ind1=" " ind2=" ">
         <subfield code="a">Jeu adapté aux troubles DYS : Logique</subfield>
      </datafield>
      <datafield tag="505" ind1="0" ind2=" ">
         <subfield code="a">boîte du jeu, plastifiée -- 1 grille de jeu -- 1 wagonnet rouge -- 43 segments de voie, dont : -- - 10x vert -- - 8x bleu foncé -- - 8x rouge -- - 6x turquoise -- - 5x jaune -- - 4x orange -- - 2x fuchsia -- 36 sections de poteaux (noir) -- 2 sachets plastiques -- 2 tunnels en carton -- 40 cartes Défis avec les Solutions -- (niveaux Facile à Très difficile) -- 1 boite pour les cartes, plastifiée -- Règles du jeu, livret plastifié -- mai 2024 : réparation du toboggan jaune</subfield>
      </datafield>
      <datafield tag="521" ind1=" " ind2=" ">
         <subfield code="a">Famille</subfield>
         <subfield code="9">vdtest/09.2025</subfield>
      </datafield>
      <datafield tag="700" ind1="1" ind2=" ">
         <subfield code="a">Morris, Oliver</subfield>
         <subfield code="4">aut</subfield>
      </datafield>
      <datafield tag="972" ind1=" " ind2=" ">
         <subfield code="a">vdtest</subfield>
      </datafield>
      <datafield tag="985" ind1=" " ind2=" ">
         <subfield code="2">ctest</subfield>
         <subfield code="a">4</subfield>
         <subfield code="b">Jeux de Règles</subfield>
         <subfield code="c">REG. parcours</subfield>
         <subfield code="9">local</subfield>
      </datafield>
      <datafield tag="998" ind1=" " ind2=" ">
         <subfield code="a">ImportPython/test</subfield>
      </datafield>
      <holding_data>
         <leader>     nx  a22     1n 4500</leader>
         <datafield tag="852" ind1=" " ind2=" ">
            <subfield code="b">test</subfield>
            <subfield code="h">REG. parcours</subfield>
         </datafield>
      </holding_data>
      <item_data>
         <alternative_call_number>REG. parcours</alternative_call_number>
         <alternative_call_number_type>8</alternative_call_number_type>
         <arrival_date>2020-11-18</arrival_date>
         <barcode>EY2914</barcode>
         <fulfillment_note>tobbogan jaune réparé en mai 2024</fulfillment_note>
         <inventory_date>2024-05-02</inventory_date>
         <inventory_price>36,9</inventory_price>
         <internal_note_2>Langues des règles du jeu: FR, DE, IT, EN, ES, PT, NL. Livret règles disponible en pdf sur le site de l'éditeur (taille trop grande pour rajouter à Ludopédia).</internal_note_2>
         <internal_note_3>[25.03.2024] - Le tobbogan est cassé et à recoller</internal_note_3>
         <physical_material_type>VIDEOGAME</physical_material_type>
         <policy>3000</policy>
         <statistical_note_2>QoQa</statistical_note_2>
      </item_data>
   </record>