
   <record>
      <leader>02167nrm a2200457 a 4500</leader>
      <controlfield tag="007">k|||m|</controlfield>
      <controlfield tag="008">      s2020    xx |||        ||||||fre d</controlfield>
      <datafield tag="024" ind1="3" ind2=" ">
         <subfield code="a">3421271125211</subfield>
      </datafield>
      <datafield tag="035" ind1=" " ind2=" ">
         <subfield code="a">(TEST)1445</subfield>
      </datafield>
      <datafield tag="040" ind1=" " ind2=" ">
         <subfield code="a">RNV test</subfield>
      </datafield>
      <datafield tag="041" ind1=" " ind2=" ">
         <subfield code="a">fre</subfield>
      </datafield>
      <datafield tag="245" ind1="0" ind2="3">
         <subfield code="a">La Maison des Souris</subfield>
      </datafield>
      <datafield tag="264" ind1=" " ind2="2">
         <subfield code="a">[Lieu de publication non identifié] : </subfield>
         <subfield code="b">Gigamic, </subfield>
         <subfield code="c">2020</subfield>
      </datafield>
      <datafield tag="300" ind1=" " ind2=" ">
         <subfield code="a">1 jeu dans une boîte</subfield>
      </datafield>
      <datafield tag="336" ind1=" " ind2=" ">
         <subfield code="b">tdf</subfield>
         <subfield code="2">rdacontent</subfield>
      </datafield>
      <datafield tag="337" ind1=" " ind2=" ">
         <subfield code="b">n</subfield>
         <subfield code="2">rdamedia</subfield>
      </datafield>
      <datafield tag="338" ind1=" " ind2=" ">
         <subfield code="b">nr</subfield>
         <subfield code="2">rdacarrier</subfield>
      </datafield>
      <datafield tag="500" ind1=" " ind2=" ">
         <subfield code="a">Age min : 5 ans</subfield>
      </datafield>
      <datafield tag="500" ind1=" " ind2=" ">
         <subfield code="a">Nombre de joueurs·euses : 2-6</subfield>
      </datafield>
      <datafield tag="500" ind1=" " ind2=" ">
         <subfield code="a">Durée de la partie : 00:20</subfield>
      </datafield>
      <datafield tag="500" ind1=" " ind2=" ">
         <subfield code="a">Mécanique : Observation - Rapidité</subfield>
      </datafield>
      <datafield tag="500" ind1=" " ind2=" ">
         <subfield code="a">Interaction : Coopération</subfield>
      </datafield>
      <datafield tag="500" ind1=" " ind2=" ">
         <subfield code="a">Thème : Maison - Vie quotidienne</subfield>
      </datafield>
      <datafield tag="505" ind1="0" ind2=" ">
         <subfield code="a">1 chemise en carton -- = couverture de la boîte, plastifiée -- 1 Maison (montée, ne pas défaire SVP) -- composée de: -- - 2 grandes boîtes -- - 1 cale en plastique noir -- - 1 plateau Sol -- - 1 grand mur central -- - 2 petits murs latéraux -- - 1 table &amp; 1 barre de table -- - 1 feu -- - 1 fixation centrale (plastique transparente) -- - 7 fixations (plastique transparente) -- 10 disques Objet en bois -- 14 jetons Réponse -- (coche/croix, recto-verso) -- 14 jetons Question, dont : -- - 10 jetons Objet -- - 4 jetons Pièce de la maison -- 2 plateaux Questions recto-verso, laminés -- 1 pion Souris -- 1 pion Panier -- 1 lampe de poche -- 2 piles CR1220 -- 2 petits sachets plastiques -- Règles du jeu, en FR -- (4 pages = 2 feuilles XL laminées) -- Montage de la maison, 1 feuille XL laminée -- Mode d'emploi pour la Lampe de poche, en A5 laminé -- Inventaire du jeu (sur feuille plastique) -- Piles remplacées en février 2024</subfield>
      </datafield>
      <datafield tag="521" ind1=" " ind2=" ">
         <subfield code="a">Famille</subfield>
         <subfield code="9">vdtest/09.2025</subfield>
      </datafield>
      <datafield tag="700" ind1="1" ind2=" ">
         <subfield code="a">Aucomte, Jonathan</subfield>
         <subfield code="4">ill</subfield>
      </datafield>
      <datafield tag="700" ind1="1" ind2=" ">
         <subfield code="a">Clément, Elodie</subfield>
         <subfield code="4">aut</subfield>
      </datafield>
      <datafield tag="700" ind1="1" ind2=" ">
         <subfield code="a">Rivière, Théo</subfield>
         <subfield code="4">aut</subfield>
      </datafield>
      <datafield tag="856" ind1="4" ind2="2">
         <subfield code="3">Vidéo</subfield>
         <subfield code="u">www.youtube.com/watch?v=B3Z2sIbKNPU</subfield>
         <subfield code="z">Règles du jeu</subfield>
      </datafield>
      <datafield tag="972" ind1=" " ind2=" ">
         <subfield code="a">vdtest</subfield>
      </datafield>
      <datafield tag="985" ind1=" " ind2=" ">
         <subfield code="2">ctest</subfield>
         <subfield code="a">4</subfield>
         <subfield code="b">Jeux de Règles</subfield>
         <subfield code="c">REG. association</subfield>
         <subfield code="9">local</subfield>
      </datafield>
      <datafield tag="998" ind1=" " ind2=" ">
         <subfield code="a">ImportPython/test</subfield>
      </datafield>
      <holding_data>
         <leader>     nx  a22     1n 4500</leader>
         <datafield tag="852" ind1=" " ind2=" ">
            <subfield code="b">test</subfield>
            <subfield code="c">3456</subfield>
            <subfield code="h">REG. association</subfield>
         </datafield>
      </holding_data>
      <item_data>
         <alternative_call_number>REG. association</alternative_call_number>
         <alternative_call_number_type>8</alternative_call_number_type>
         <arrival_date>2021-03-11</arrival_date>
         <barcode>EY2975</barcode>
         <fulfillment_note>Avertir comment ouvrir la boîte et de suivre le guide de montage/rangement au retour pour éviter des dégâts ! Merci</fulfillment_note>
         <inventory_date>2025-01-16</inventory_date>
         <inventory_price>39,9</inventory_price>
         <internal_note_1>Note de contenu : CR1220 x2</internal_note_1>
         <internal_note_2>Nominé As d'Or 2021</internal_note_2>
         <item_location>3456</item_location>
         <physical_material_type>VIDEOGAME</physical_material_type>
         <policy>3000</policy>
         <statistical_note_2>L'épée à 2 nains</statistical_note_2>
      </item_data>
   </record>