
   <record>
      <leader>02167nrm a2200457 a 4500</leader>
      <controlfield tag="007">k|||m|</controlfield>
      <controlfield tag="008">      s2020    xx |||        ||||||mul d</controlfield>
      <datafield tag="024" ind1="3" ind2=" ">
         <subfield code="a">4010168254074</subfield>
      </datafield>
      <datafield tag="035" ind1=" " ind2=" ">
         <subfield code="a">(TEST)1501</subfield>
      </datafield>
      <datafield tag="040" ind1=" " ind2=" ">
         <subfield code="a">RNV test</subfield>
      </datafield>
      <datafield tag="041" ind1=" " ind2=" ">
         <subfield code="a">fre</subfield>
         <subfield code="a">ger</subfield>
         <subfield code="a">ita</subfield>
         <subfield code="a">eng</subfield>
      </datafield>
      <datafield tag="245" ind1="0" ind2="0">
         <subfield code="a">Fiesta des perles</subfield>
      </datafield>
      <datafield tag="264" ind1=" " ind2="2">
         <subfield code="a">[Lieu de publication non identifié] : </subfield>
         <subfield code="b">Haba, </subfield>
         <subfield code="c">2020</subfield>
      </datafield>
      <datafield tag="336" ind1=" " ind2=" ">
         <subfield code="b">tdf</subfield>
         <subfield code="2">rdacontent</subfield>
      </datafield>
      <datafield tag="337" ind1=" " ind2=" ">
         <subfield code="b">n</subfield>
         <subfield code="2">rdamedia</subfield>
      </datafield>
      <datafield tag="338" ind1=" " ind2=" ">
         <subfield code="b">nr</subfield>
         <subfield code="2">rdacarrier</subfield>
      </datafield>
      <datafield tag="500" ind1=" " ind2=" ">
         <subfield code="a">Nombre de joueurs·euses : 2-4</subfield>
      </datafield>
      <datafield tag="500" ind1=" " ind2=" ">
         <subfield code="a">Durée de la partie : 00:15</subfield>
      </datafield>
      <datafield tag="500" ind1=" " ind2=" ">
         <subfield code="a">Mécanique : Collecte/ion-Combinaison-Famille</subfield>
      </datafield>
      <datafield tag="500" ind1=" " ind2=" ">
         <subfield code="a">Interaction : Compétition</subfield>
      </datafield>
      <datafield tag="500" ind1=" " ind2=" ">
         <subfield code="a">Thème : Mer</subfield>
      </datafield>
      <datafield tag="500" ind1=" " ind2=" ">
         <subfield code="a">Jeu adapté aux troubles DYS : Motricité</subfield>
      </datafield>
      <datafield tag="505" ind1="0" ind2=" ">
         <subfield code="a">5 coquilles en 2 parties -- 4 coquillages servant de réserves -- 1 pieuvre -- 25 tuiles 'animal marin' -- 65 perles en bois nature -- 1 moyen sachet plastique -- 1 petit sachets plastique -- 4 cordelettes (bleu clair) -- 2 dés (à motifs, à couleurs) -- Livret multilingue plastifié : -- Règles du jeu</subfield>
      </datafield>
      <datafield tag="521" ind1=" " ind2=" ">
         <subfield code="a">Enfant</subfield>
         <subfield code="9">vdtest/09.2025</subfield>
      </datafield>
      <datafield tag="700" ind1="1" ind2=" ">
         <subfield code="a">Blaha, Marek</subfield>
         <subfield code="4">ill</subfield>
      </datafield>
      <datafield tag="700" ind1="1" ind2=" ">
         <subfield code="a">Precht, Thade</subfield>
         <subfield code="4">aut</subfield>
      </datafield>
      <datafield tag="856" ind1="4" ind2="2">
         <subfield code="3">Vidéo</subfield>
         <subfield code="u">www.youtube.com/watch?v=ORLnBNbmxcM</subfield>
         <subfield code="z">Règles du jeu</subfield>
      </datafield>
      <datafield tag="972" ind1=" " ind2=" ">
         <subfield code="a">vdtest</subfield>
      </datafield>
      <datafield tag="985" ind1=" " ind2=" ">
         <subfield code="2">ctest</subfield>
         <subfield code="a">4</subfield>
         <subfield code="b">Jeux de Règles</subfield>
         <subfield code="c">REG. hasard</subfield>
         <subfield code="9">local</subfield>
      </datafield>
      <datafield tag="998" ind1=" " ind2=" ">
         <subfield code="a">ImportPython/test</subfield>
      </datafield>
      <holding_data>
         <leader>     nx  a22     1n 4500</leader>
         <datafield tag="852" ind1=" " ind2=" ">
            <subfield code="b">test</subfield>
            <subfield code="c">1234</subfield>
            <subfield code="h">REG. hasard</subfield>
         </datafield>
      </holding_data>
      <item_data>
         <alternative_call_number>REG. hasard</alternative_call_number>
         <alternative_call_number_type>8</alternative_call_number_type>
         <arrival_date>2021-06-24</arrival_date>
         <barcode>EY3030</barcode>
         <inventory_date>2024-05-02</inventory_date>
         <inventory_price>21,9</inventory_price>
         <internal_note_1>Pièces de rechange : Sachets de billes </internal_note_1>
         <item_location>1234</item_location>
         <physical_material_type>VIDEOGAME</physical_material_type>
         <policy>3000</policy>
         <statistical_note_2>FNAC</statistical_note_2>
      </item_data>
   </record>