
   <record>
      <leader>02167nrm a2200457 a 4500</leader>
      <controlfield tag="007">k|||m|</controlfield>
      <controlfield tag="008">      s2012    xx |||        ||||||fre d</controlfield>
      <datafield tag="024" ind1="3" ind2=" ">
         <subfield code="a">3070900066434</subfield>
      </datafield>
      <datafield tag="028" ind1="5" ind2="2">
         <subfield code="a">DJ 6643 Djeco</subfield>
      </datafield>
      <datafield tag="035" ind1=" " ind2=" ">
         <subfield code="a">(TEST)1633</subfield>
      </datafield>
      <datafield tag="040" ind1=" " ind2=" ">
         <subfield code="a">RNV test</subfield>
      </datafield>
      <datafield tag="245" ind1="0" ind2="0">
         <subfield code="a">Tap tap Jardin</subfield>
      </datafield>
      <datafield tag="264" ind1=" " ind2="2">
         <subfield code="a">[Lieu de publication non identifié] : </subfield>
         <subfield code="b">Djeco, </subfield>
         <subfield code="c">2012</subfield>
      </datafield>
      <datafield tag="300" ind1=" " ind2=" ">
         <subfield code="a">1 jeu dans une boîte</subfield>
      </datafield>
      <datafield tag="336" ind1=" " ind2=" ">
         <subfield code="b">tdf</subfield>
         <subfield code="2">rdacontent</subfield>
      </datafield>
      <datafield tag="337" ind1=" " ind2=" ">
         <subfield code="b">n</subfield>
         <subfield code="2">rdamedia</subfield>
      </datafield>
      <datafield tag="338" ind1=" " ind2=" ">
         <subfield code="b">nr</subfield>
         <subfield code="2">rdacarrier</subfield>
      </datafield>
      <datafield tag="500" ind1=" " ind2=" ">
         <subfield code="a">Age min : 4 ans</subfield>
      </datafield>
      <datafield tag="500" ind1=" " ind2=" ">
         <subfield code="a">Nombre de joueurs·euses : 1</subfield>
      </datafield>
      <datafield tag="500" ind1=" " ind2=" ">
         <subfield code="a">Interaction : Solitaire</subfield>
      </datafield>
      <datafield tag="500" ind1=" " ind2=" ">
         <subfield code="a">Thème : Nature</subfield>
      </datafield>
      <datafield tag="505" ind1="0" ind2=" ">
         <subfield code="a">boîte du jeu, plastifiée -- 1 fourre illustré en carton -- à glisser par-dessus -- 1 marteau en bois -- 1 planche de liège -- 5 cartes recto-verso -- 1 sachet plastique -- 38 pièces en bois, -- dont 10 animaux/insectes -- 40 clous &amp; 1 mini sachet -- 1 inventaire visuel en A5, laminé -- pour contrôle du jeu -- ** Manque une feuille rose, notée sur 3 cartes **</subfield>
      </datafield>
      <datafield tag="521" ind1=" " ind2=" ">
         <subfield code="a">Enfant</subfield>
         <subfield code="9">vdtest/09.2025</subfield>
      </datafield>
      <datafield tag="700" ind1="1" ind2=" ">
         <subfield code="a">Destours, Christine</subfield>
         <subfield code="4">aut</subfield>
      </datafield>
      <datafield tag="972" ind1=" " ind2=" ">
         <subfield code="a">vdtest</subfield>
      </datafield>
      <datafield tag="985" ind1=" " ind2=" ">
         <subfield code="2">ctest</subfield>
         <subfield code="a">3</subfield>
         <subfield code="b">Jeux d'Assemblage</subfield>
         <subfield code="c">ASS. agencement / puzzle</subfield>
         <subfield code="9">local</subfield>
      </datafield>
      <datafield tag="998" ind1=" " ind2=" ">
         <subfield code="a">ImportPython/test</subfield>
      </datafield>
      <holding_data>
         <leader>     nx  a22     1n 4500</leader>
         <datafield tag="852" ind1=" " ind2=" ">
            <subfield code="b">test</subfield>
            <subfield code="c">5678</subfield>
            <subfield code="h">ASS. agencement / puzzle</subfield>
         </datafield>
      </holding_data>
      <item_data>
         <alternative_call_number>ASS. agencement / puzzle</alternative_call_number>
         <alternative_call_number_type>8</alternative_call_number_type>
         <arrival_date>2022-10-08</arrival_date>
         <barcode>EY3161</barcode>
         <inventory_date>2025-01-23</inventory_date>
         <inventory_price>34,9</inventory_price>
         <internal_note_3>[12.12.2024] - Perte d'une à deux pièces du jeu : 3 clous et 1 feuille (fleur?) en bois</internal_note_3>
         <item_location>5678</item_location>
         <physical_material_type>VIDEOGAME</physical_material_type>
         <policy>3000</policy>
         <statistical_note_2>Jouets Davidson</statistical_note_2>
      </item_data>
   </record>