
   <record>
      <leader>02167nrm a2200457 a 4500</leader>
      <controlfield tag="007">k|||m|</controlfield>
      <controlfield tag="008">      s2017    xx |||        ||||||fre d</controlfield>
      <datafield tag="024" ind1="3" ind2=" ">
         <subfield code="a">9782370990082</subfield>
      </datafield>
      <datafield tag="035" ind1=" " ind2=" ">
         <subfield code="a">(TEST)1536</subfield>
      </datafield>
      <datafield tag="040" ind1=" " ind2=" ">
         <subfield code="a">RNV test</subfield>
      </datafield>
      <datafield tag="041" ind1=" " ind2=" ">
         <subfield code="a">fre</subfield>
      </datafield>
      <datafield tag="245" ind1="0" ind2="0">
         <subfield code="a">Sherlock Holmes Détective Conseil n°3 : Carlton House &amp; Queen's Park</subfield>
      </datafield>
      <datafield tag="264" ind1=" " ind2="2">
         <subfield code="a">[Lieu de publication non identifié] : </subfield>
         <subfield code="b">Space Cowboys, </subfield>
         <subfield code="c">2017</subfield>
      </datafield>
      <datafield tag="300" ind1=" " ind2=" ">
         <subfield code="a">1 jeu dans une boîte</subfield>
      </datafield>
      <datafield tag="336" ind1=" " ind2=" ">
         <subfield code="b">tdf</subfield>
         <subfield code="2">rdacontent</subfield>
      </datafield>
      <datafield tag="337" ind1=" " ind2=" ">
         <subfield code="b">n</subfield>
         <subfield code="2">rdamedia</subfield>
      </datafield>
      <datafield tag="338" ind1=" " ind2=" ">
         <subfield code="b">nr</subfield>
         <subfield code="2">rdacarrier</subfield>
      </datafield>
      <datafield tag="500" ind1=" " ind2=" ">
         <subfield code="a">Age min : 14 ans</subfield>
      </datafield>
      <datafield tag="500" ind1=" " ind2=" ">
         <subfield code="a">Nombre de joueurs·euses : 1-7</subfield>
      </datafield>
      <datafield tag="500" ind1=" " ind2=" ">
         <subfield code="a">Durée de la partie : 01:30</subfield>
      </datafield>
      <datafield tag="500" ind1=" " ind2=" ">
         <subfield code="a">Mécanique : Déduction - Enigme</subfield>
      </datafield>
      <datafield tag="500" ind1=" " ind2=" ">
         <subfield code="a">Interaction : Coopération</subfield>
      </datafield>
      <datafield tag="500" ind1=" " ind2=" ">
         <subfield code="a">Thème : Enigme</subfield>
      </datafield>
      <datafield tag="505" ind1="0" ind2=" ">
         <subfield code="a">boîte du jeu, plastifiée -- 1 plan de Londres -- 3 plans additionnels -- 1 enveloppe contenant 12 indices -- 10 livrets d'enquête -- 10 journaux -- 1 annuaire de Londres -- 1 livret : règles du jeu</subfield>
      </datafield>
      <datafield tag="521" ind1=" " ind2=" ">
         <subfield code="a">Initiation</subfield>
         <subfield code="9">vdtest/09.2025</subfield>
      </datafield>
      <datafield tag="700" ind1="1" ind2=" ">
         <subfield code="a">Bittler, Bernard</subfield>
         <subfield code="4">ill</subfield>
      </datafield>
      <datafield tag="700" ind1="1" ind2=" ">
         <subfield code="a">Cauët, Thomas</subfield>
         <subfield code="4">aut</subfield>
      </datafield>
      <datafield tag="700" ind1="1" ind2=" ">
         <subfield code="a">Demaegd, Arnaud</subfield>
         <subfield code="4">ill</subfield>
      </datafield>
      <datafield tag="700" ind1="1" ind2=" ">
         <subfield code="a">Edwards, Raymond</subfield>
         <subfield code="4">aut</subfield>
      </datafield>
      <datafield tag="700" ind1="1" ind2=" ">
         <subfield code="a">Goldberg, Suzanne</subfield>
         <subfield code="4">aut</subfield>
      </datafield>
      <datafield tag="700" ind1="1" ind2=" ">
         <subfield code="a">Grady, Gary</subfield>
         <subfield code="4">aut</subfield>
      </datafield>
      <datafield tag="700" ind1="1" ind2=" ">
         <subfield code="a">Neriac, nan</subfield>
         <subfield code="4">ill</subfield>
      </datafield>
      <datafield tag="700" ind1="1" ind2=" ">
         <subfield code="a">Quidault, Pascal</subfield>
         <subfield code="4">ill</subfield>
      </datafield>
      <datafield tag="972" ind1=" " ind2=" ">
         <subfield code="a">vdtest</subfield>
      </datafield>
      <datafield tag="985" ind1=" " ind2=" ">
         <subfield code="2">ctest</subfield>
         <subfield code="a">4</subfield>
         <subfield code="b">Jeux de Règles</subfield>
         <subfield code="c">REG. énigme</subfield>
         <subfield code="9">local</subfield>
      </datafield>
      <datafield tag="998" ind1=" " ind2=" ">
         <subfield code="a">ImportPython/test</subfield>
      </datafield>
      <holding_data>
         <leader>     nx  a22     1n 4500</leader>
         <datafield tag="852" ind1=" " ind2=" ">
            <subfield code="b">test</subfield>
            <subfield code="c">2345</subfield>
            <subfield code="h">REG. énigme</subfield>
         </datafield>
      </holding_data>
      <item_data>
         <alternative_call_number>REG. énigme</alternative_call_number>
         <alternative_call_number_type>8</alternative_call_number_type>
         <arrival_date>2021-11-18</arrival_date>
         <barcode>EY3064</barcode>
         <inventory_date>2022-11-21</inventory_date>
         <inventory_price>63</inventory_price>
         <item_location>2345</item_location>
         <physical_material_type>VIDEOGAME</physical_material_type>
         <policy>3000</policy>
         <statistical_note_2>2 nains</statistical_note_2>
      </item_data>
   </record>
</collection>